% ------------------------------------------------------------------------

@book{DBLP:books/daglib/0015106,
	author = {J. M. Kleinberg and	{\'{E}}. Tardos},
	title = {Algorithm design},
	publisher = {Addison-Wesley},
	year = {2006},
	isbn = {978-0-321-37291-8},
	pages = {1--28},
	timestamp = {Wed, 23 Mar 2011 16:58:37 +0100},
	biburl = {http://dblp.uni-trier.de/rec/bib/books/daglib/0015106},
	bibsource = {dblp computer science bibliography, http://dblp.org}
}

@misc{nrmp,
	author = {National Resident Matching Program},
	title = {NRMP description},
	howpublished = {\url{http://www.nrmp.org/about/}},
	note = {Accessed: 2015-11-22}
}

% ------------------------------------------------------------------------
%---
%book{greenfeld2013two,
%title={Two Scoops of Django 1.8},
%author={D. R. Greenfeld and A. R. Greenfeld},
%year={2013}
%}